@misc{Istat2022CONFINI2022,
    title = {{CONFINI DELLE UNIT{\`{A}} AMMINISTRATIVE A FINI STATISTICI AL 1{${}^\circ$} GENNAIO 2022}},
    year = {2022},
    author = {{Istat}},
    month = {2}
}